@misc{tensorflow_playground,
  author       = {Smilkov, Daniel and Carter, Shan and others},
  title        = {TensorFlow Playground},
  year         = {2017},
  howpublished = {\url{https://github.com/tensorflow/playground}},
  note         = {Accessed: 2025-07-07}
}

@article{undergrad_quant_neuro_2015,
  author  = {Anonymous},
  title   = {Quantitative skills in undergraduate neuroscience education in the age of big data},
  journal = {J. Undergraduate Neurosci. Educ.},
  year    = {2021},
  note    = {PubMed ID: 34147539}
}

@article{python_in_quant_neuro_2015,
  author  = {Multiple},
  title   = {Python in neuroscience},
  journal = {Frontiers in Neuroinformatics},
  year    = {2015},
}

@misc{nguyen2025systematicsurveydebuggingtechniques,
      title={A Systematic Survey on Debugging Techniques for Machine Learning Systems}, 
      author={Thanh-Dat Nguyen and Haoye Tian and Bach Le and Patanamon Thongtanunam and Shane McIntosh},
      year={2025},
      eprint={2503.03158},
      archivePrefix={arXiv},
      primaryClass={cs.SE},
      url={https://arxiv.org/abs/2503.03158}, 
}
@misc{IDC2025AISkillsGap,
  title        = {New IDC Research: Closing the AI Skills Gap in the Enterprise},
  author       = {{Workera Team (citing IDC data)}},
  howpublished = {\url{https://workera.ai/blog/analyst-insights/closing-the-ai-skills-gap-in-the-enterprise}},
  year         = {2025},
  note         = {94\% of enterprises say AI skills are critical for 2025—but only a third feel prepared},
  urldate      = {2025-03-19}
}
@article{DBLP:journals/corr/abs-1912-01703,
  author       = {Adam Paszke and
                  Sam Gross and
                  Francisco Massa and
                  Adam Lerer and
                  James Bradbury and
                  Gregory Chanan and
                  Trevor Killeen and
                  Zeming Lin and
                  Natalia Gimelshein and
                  Luca Antiga and
                  Alban Desmaison and
                  Andreas K{\"{o}}pf and
                  Edward Z. Yang and
                  Zach DeVito and
                  Martin Raison and
                  Alykhan Tejani and
                  Sasank Chilamkurthy and
                  Benoit Steiner and
                  Lu Fang and
                  Junjie Bai and
                  Soumith Chintala},
  title        = {PyTorch: An Imperative Style, High-Performance Deep Learning Library},
  journal      = {CoRR},
  volume       = {abs/1912.01703},
  year         = {2019},
  url          = {http://arxiv.org/abs/1912.01703},
  eprinttype    = {arXiv},
  eprint       = {1912.01703},
  timestamp    = {Tue, 02 Nov 2021 15:18:32 +0100},
  biburl       = {https://dblp.org/rec/journals/corr/abs-1912-01703.bib},
  bibsource    = {dblp computer science bibliography, https://dblp.org}
}
@book{witten2005datamining,
  author    = {Ian H. Witten and Eibe Frank},
  title     = {Data Mining: Practical Machine Learning Tools and Techniques},
  edition   = {2nd},
  year      = {2005},
  publisher = {Morgan Kaufmann},
  address   = {San Francisco, CA}
}

@article{hall2009weka,
  author    = {Mark Hall and Eibe Frank and Geoffrey Holmes and Bernhard Pfahringer and Peter Reutemann and Ian H. Witten},
  title     = {The WEKA Data Mining Software: An Update},
  journal   = {SIGKDD Explorations Newsletter},
  volume    = {11},
  number    = {1},
  pages     = {10--18},
  year      = {2009},
  doi       = {10.1145/1656274.1656278}
}
@article{demsar2013orange,
  author    = {Janez Demšar and Blaž Zupan},
  title     = {Orange: Data Mining Toolbox in Python},
  journal   = {Journal of Machine Learning Research},
  volume    = {14},
  pages     = {2349--2353},
  year      = {2013}
}
@inproceedings{berthold2007knime,
  author    = {Michael R. Berthold and Nicolas Cebron and Fabian Dill and Thomas R. Gabriel and Tobias Kötter and Thorsten Meinl and Peter Ohl and Christoph Sieb and Kilian Thiel and Bernd Wiswedel},
  title     = {{KNIME}: The {K}onstanz {I}nformation {M}iner},
  booktitle = {Studies in Classification, Data Analysis and Knowledge Organization (GfKl 2007)},
  publisher = {Springer},
  isbn      = {978-3-540-78239-1},
  year      = {2007}
}

@article{berthold2009knime2,
  author    = {Michael R. Berthold and Nicolas Cebron and Fabian Dill and Thomas R. Gabriel and Tobias Kötter and Thorsten Meinl and Peter Ohl and Christoph Sieb and Kilian Thiel and Bernd Wiswedel},
  title     = {KNIME – the Konstanz Information Miner: version 2.0 and beyond},
  journal   = {SIGKDD Explorations Newsletter},
  volume    = {11},
  number    = {1},
  pages     = {26--31},
  year      = {2009}
}
@inproceedings{hohman2019summit,
  title     = {Summit: Scaling Deep Learning Interpretability by Visualizing Activation and Attribution Summaries},
  author    = {Hohman, Fred and Head, Andrew and Caruana, Rich and DeLine, Robert and Drucker, Steven M.},
  booktitle = {Proceedings of the 2019 CHI Conference on Human Factors in Computing Systems},
  series    = {CHI '19},
  year      = {2019},
  pages     = {1--12},
  publisher = {ACM},
  doi       = {10.1145/3290605.3300681}
}
@article{deng2012mnist,
  title     = {The MNIST database of handwritten digit images for machine learning research},
  author    = {Deng, Li},
  journal   = {IEEE Signal Processing Magazine},
  volume    = {29},
  number    = {6},
  pages     = {141--142},
  year      = {2012},
  publisher = {IEEE}
}
@misc{krizhevsky2009cifar,
  author       = {Krizhevsky, Alex and Nair, Vinod and Hinton, Geoffrey},
  title        = {CIFAR-10 (Canadian Institute for Advanced Research)},
  year         = {2009},
  howpublished = {\url{https://www.cs.toronto.edu/~kriz/cifar.html}}
}
@article{everingham2010pascal,
  author  = {Everingham, Mark and Van Gool, Luc and Williams, Christopher K. I. and Winn, John and Zisserman, Andrew},
  title   = {The PASCAL Visual Object Classes (VOC) Challenge},
  journal = {International Journal of Computer Vision},
  volume  = {88},
  number  = {2},
  pages   = {303--338},
  year    = {2010}
}
@article{kahn1962topological,
  author = {Kahn, Arthur B.},
  title = {Topological Sorting of Large Networks},
  journal = {Communications of the ACM},
  volume = {5},
  number = {11},
  pages = {558--562},
  year = {1962},
  publisher = {ACM},
  doi = {10.1145/368996.369025}
}
